<record><leader>00000cas a22000007a 4500</leader><controlfield tag="001">13571253</controlfield><controlfield tag="008">860515d1854185upauwr ne      0    0eng  </controlfield><controlfield tag="009">466</controlfield><datafield ind1=" " ind2=" " tag="010"><subfield code="a">sn 86071512 </subfield></datafield><datafield ind1=" " ind2=" " tag="040"><subfield code="a">DLC</subfield><subfield code="b">eng</subfield><subfield code="c">DLC</subfield><subfield code="d">NPX</subfield><subfield code="d">NPH</subfield></datafield><datafield ind1="1" ind2=" " tag="029"><subfield code="a">AU@</subfield><subfield code="b">000025786558</subfield></datafield><datafield ind1=" " ind2=" " tag="042"><subfield code="a">msc</subfield></datafield><datafield ind1="0" ind2="0" tag="050"><subfield code="a">Newspaper 9375-X</subfield></datafield><datafield ind1="0" ind2="4" tag="245"><subfield code="a">The Inland weekly.</subfield></datafield><datafield ind1="0" ind2="0" tag="246"><subfield code="a">Inland weekly, and campaign banner</subfield></datafield><datafield ind1=" " ind2=" " tag="260"><subfield code="a">Lancaster, Pa. :</subfield><subfield code="b">G.W. Schroyer,</subfield><subfield code="c">1854-</subfield></datafield><datafield ind1=" " ind2=" " tag="300"><subfield code="a">v. ;</subfield><subfield code="c">47 cm.</subfield></datafield><datafield ind1=" " ind2=" " tag="310"><subfield code="a">Weekly</subfield></datafield><datafield ind1="0" ind2=" " tag="362"><subfield code="a">Vol. 1, no. 1 (Sept. 9, 1854)-</subfield></datafield><datafield ind1=" " ind2=" " tag="500"><subfield code="a">Published as: Inland weekly, and campaign banner, June-Nov. &lt;15,&gt; 1856.</subfield></datafield><datafield ind1=" " ind2=" " tag="500"><subfield code="a">Published from the same office: Independent Whig (Lancaster, Pa. : 1854). Cf. Mombert, J.I.  Authentic hist. of Lancaster Co. ... Pa., 1869.</subfield></datafield><datafield ind1=" " ind2=" " tag="500"><subfield code="a">Publishers: George W. Schroyer, &lt;1855&gt;; G.W. Schroyer &amp; Co., &lt;1856&gt;.</subfield></datafield><datafield ind1=" " ind2=" " tag="500"><subfield code="a">"Know-Nothing," &lt;1854-1856&gt;; "Republican," &lt;1856&gt;.</subfield></datafield><datafield ind1=" " ind2=" " tag="500"><subfield code="a">Editor: George W. Schroyer, &lt;1856&gt;.</subfield></datafield><datafield ind1=" " ind2=" " tag="580"><subfield code="a">Daily ed.: Inland daily.</subfield></datafield><datafield ind1=" " ind2=" " tag="752"><subfield code="a">United States</subfield><subfield code="b">Pennsylvania</subfield><subfield code="c">Lancaster</subfield><subfield code="d">Lancaster.</subfield></datafield><datafield ind1="1" ind2=" " tag="775"><subfield code="t">Inland daily</subfield><subfield code="w">(DLC)sn 86081566</subfield></datafield></record>